<?xml version='1.0' encoding='UTF-8'?>
<record xmlns="http://www.loc.gov/MARC21/slim">
  <leader>01011cam a2200265   4500</leader>
  <controlfield tag="001">2755752</controlfield>
  <controlfield tag="003">NjP</controlfield>
  <controlfield tag="005">20100810081956.0</controlfield>
  <controlfield tag="008">890424m19639999iq       b    000 0 ara d</controlfield>
  <datafield tag="024" ind1="7" ind2=" ">
    <subfield code="a">princeton_aco001521</subfield>
    <subfield code="2">local</subfield>
  </datafield>
  <datafield ind1=" " ind2=" " tag="035">
    <subfield code="a">(OCoLC)ocm19588073</subfield>
  </datafield>
  <datafield ind1=" " ind2=" " tag="035">
    <subfield code="9">CNE9211TS</subfield>
  </datafield>
  <datafield ind1=" " ind2=" " tag="040">
    <subfield code="a">UMC</subfield>
    <subfield code="c">UMC</subfield>
    <subfield code="d">PUL</subfield>
  </datafield>
  <datafield ind1="1" ind2=" " tag="100">
    <subfield code="a">Shaybī, Kāmil Muṣṭafá.</subfield>
  </datafield>
  <datafield ind1="1" ind2="3" tag="245">
    <subfield code="a">al-Ṣilah bayna al-taṣawwuf wa-al-tashayyuʻ.</subfield>
    <subfield code="c">Tạạyaghaf Kāmil Muṣṭafa al-Shaybī.</subfield>
  </datafield>
  <datafield ind1=" " ind2=" " tag="260">
    <subfield code="a">Baghdad,</subfield>
    <subfield code="b">Maṭabʻat al-Zahraʻ, [A.H.]</subfield>
    <subfield code="c">1382/1963-</subfield>
  </datafield>
  <datafield ind1=" " ind2=" " tag="300">
    <subfield code="a">v.</subfield>
    <subfield code="c">24 cm.</subfield>
  </datafield>
  <datafield ind1=" " ind2=" " tag="500">
    <subfield code="a">Romanized title.</subfield>
  </datafield>
  <datafield ind1=" " ind2=" " tag="500">
    <subfield code="a">Added title: The relation between ṣūfism and shiʻism, by Kāmil M. al-Shaibī.</subfield>
  </datafield>
  <datafield ind1=" " ind2=" " tag="504">
    <subfield code="a">Bibliographical footnotes.</subfield>
  </datafield>
  <datafield ind1="0" ind2=" " tag="505">
    <subfield code="a">vol. 1. Shīʻism &amp; asceticism.--vol. 2. Sufisum [sic!], futuwwa &amp; malamatis.</subfield>
  </datafield>
  <datafield ind1=" " ind2="0" tag="650">
    <subfield code="a">Shiites.</subfield>
  </datafield>
  <datafield ind1=" " ind2="0" tag="650">
    <subfield code="a">Sufism.</subfield>
  </datafield>
  <datafield ind1="0" ind2=" " tag="740">
    <subfield code="a">Relation between ṣūfism and shiʻism.</subfield>
  </datafield>
  <datafield ind1=" " ind2=" " tag="945">
    <subfield code="a">F</subfield>
    <subfield code="b">1</subfield>
    <subfield code="c">2274.876563.375</subfield>
    <subfield code="e">v.1-2</subfield>
  </datafield>
  <datafield ind1=" " ind2=" " tag="911">
    <subfield code="a">20000130</subfield>
  </datafield>
  <datafield ind1="0" ind2="1" tag="852">
    <subfield code="0">3066501</subfield>
    <subfield code="b">nec</subfield>
    <subfield code="t">1</subfield>
    <subfield code="h">BP194.16</subfield>
    <subfield code="i">.S539 1963</subfield>
  </datafield>
  <datafield ind1=" " ind2="0" tag="866">
    <subfield code="0">3066501</subfield>
    <subfield code="8">0</subfield>
    <subfield code="a">v.1-2</subfield>
  </datafield>
  <datafield ind1=" " ind2=" " tag="959">
    <subfield code="a">2009-07-07 11:59:51 -0400</subfield>
  </datafield>
</record>
